@book{petticrew_roberts_2006,
  title     = {Systematic Reviews in the Social Sciences: A Practical Guide},
  author    = {Mark Petticrew and Helen Roberts},
  year      = {2006},
  publisher = {Blackwell Publishing},
  address   = {Malden, MA}
}

@article{Kitchenham2007revliterature,
  author = {Kitchenham, Barbara and Charters, Stuart},
  year   = {2007},
  month  = {01},
  pages  = {},
  title  = {Guidelines for performing Systematic Literature Reviews in Software Engineering},
  volume = {2}
}
